<record><leader>00000cas a22000007a 4500</leader><controlfield tag="001">35230949</controlfield><controlfield tag="008">960813d19001926okuwr n       0    0eng d</controlfield><datafield ind1=" " ind2=" " tag="010"><subfield code="a">sn 96093882 </subfield></datafield><datafield ind1=" " ind2=" " tag="040"><subfield code="a">OBN</subfield><subfield code="b">eng</subfield><subfield code="c">OBN</subfield><subfield code="d">OCLCQ</subfield><subfield code="d">OCLCO</subfield></datafield><datafield ind1="1" ind2=" " tag="029"><subfield code="a">AU@</subfield><subfield code="b">000012746225</subfield></datafield><datafield ind1=" " ind2=" " tag="042"><subfield code="a">msc</subfield></datafield><datafield ind1=" " ind2=" " tag="043"><subfield code="a">n-us-ok</subfield></datafield><datafield ind1="0" ind2=" " tag="130"><subfield code="a">Headlight (Carmen, Okla.)</subfield></datafield><datafield ind1="1" ind2="4" tag="245"><subfield code="a">The headlight.</subfield></datafield><datafield ind1="3" ind2=" " tag="246"><subfield code="a">Carmen headlight</subfield></datafield><datafield ind1=" " ind2=" " tag="260"><subfield code="a">Augusta, Okla. :</subfield><subfield code="b">Salter &amp; Son</subfield></datafield><datafield ind1=" " ind2=" " tag="300"><subfield code="a">v.</subfield></datafield><datafield ind1=" " ind2=" " tag="310"><subfield code="a">Weekly</subfield></datafield><datafield ind1="0" ind2=" " tag="362"><subfield code="a">Vol. 1, no. 1 (July 20, 1900)-v. 26, no. 37 (Mar. 26, 1926).</subfield></datafield><datafield ind1=" " ind2=" " tag="500"><subfield code="a">Published in Carmen, Okla., Oct. 18, 1901-Mar. 26, 1926.</subfield></datafield><datafield ind1=" " ind2="0" tag="651"><subfield code="a">Carmen (Okla.)</subfield><subfield code="v">Newspapers.</subfield></datafield><datafield ind1=" " ind2="0" tag="651"><subfield code="a">Augusta (Okla.)</subfield><subfield code="v">Newspapers.</subfield></datafield><datafield ind1=" " ind2="0" tag="651"><subfield code="a">Alfalfa County (Okla.)</subfield><subfield code="v">Newspapers.</subfield></datafield><datafield ind1=" " ind2=" " tag="752"><subfield code="a">United States</subfield><subfield code="b">Oklahoma</subfield><subfield code="c">Alfalfa</subfield><subfield code="d">Carmen.</subfield></datafield><datafield ind1=" " ind2=" " tag="752"><subfield code="a">United States</subfield><subfield code="b">Oklahoma</subfield><subfield code="c">Alfalfa</subfield><subfield code="d">Augusta.</subfield></datafield><datafield ind1="0" ind2="0" tag="785"><subfield code="t">Carmen headlight (Carmen, Okla.)</subfield><subfield code="w">(DLC)sn 96093883</subfield><subfield code="w">(OCoLC)35231153</subfield></datafield></record>